
@entry{def4,
    name = {Suspendisse},
    description = {\textfill}
}
