
@entry{def1,
    name = {Lorem},
    description = {\tekstvulling}
}

@entry{def2,
    name = {Nam dui},
    description = {\tekstvulling}
}

@entry{def3,
    name = {Nulla},
    description = {\tekstvulling}
}
