
@entry{def4,
    name = {Quisque},
    description = {\tekstvulling}
}
